%% + Limit the author list to 5 
%% + Print only single author followed by et al.
%% + Disable dashed for repeated auhtors
@IEEEtranBSTCTL{IEEEexample:BSTcontrol,
CTLuse_forced_etal       = "yes",
CTLmax_names_forced_etal = "3",
CTLnames_show_etal       = "1", 
CTLdash_repeated_names   = "no",
}

@article{woods_humiditys_2022,
	title = {Humidity’s impact on greenhouse gas emissions from air conditioning},
	volume = {6},
	issn = {2542-4351},
	url = {https://www.sciencedirect.com/science/article/pii/S2542435122000940},
	doi = {https://doi.org/10.1016/j.joule.2022.02.013},
	number = {4},
	journal = {Joule},
	author = {Woods, Jason and James, Nelson and Kozubal, Eric and Bonnema, Eric and Brief, Kristin and Voeller, Liz and Rivest, Jessy},
	year = {2022},
	keywords = {air conditioning, climate change, humidity},
	pages = {726--741},
}

@misc{Luu2021,
        author={Phillip Luu},
	title = {How accurate sensing in {HVAC} systems improves efficiency and saves consumers money - Analog - Technical articles - TI E2E  support forums},
	url = {https://e2e.ti.com/blogs\_/b/analogwire/posts/accurate-sensing-hvac-systems-improves-efficiency-and-saves-money},
	urldate = {2023-04-05}
}
@misc{Sinha2014,
        author={Sudhi Sinha},
	title = {How does sensor accuracy impact building energy management?},
	url = {https://www.greenbiz.com/article/how-does-sensor-accuracy-impact-building-energy-management-0},
	urldate = {2023-04-05}
}
@misc{IEA_Future,
	title = {The {Future} of {Cooling} – {Analysis}},
	url = {https://www.iea.org/reports/the-future-of-cooling},
	abstract = {The Future of Cooling - Analysis and key findings. A report by the International Energy Agency.},
	language = {en-GB},
	urldate = {2023-04-03},
	journal = {IEA},
}
@article{revell_case_2014,
	title = {Case studies of mental models in home heat control: {Searching} for feedback, valve, timer and switch theories},
	volume = {45},
	issn = {0003-6870},
	url = {https://www.sciencedirect.com/science/article/pii/S0003687013001117},
	doi = {https://doi.org/10.1016/j.apergo.2013.05.001},
	number = {3},
	journal = {Applied Ergonomics},
	author = {Revell, Kirsten M. A. and Stanton, Neville A.},
	year = {2014},
	keywords = {Device models, Energy consuming behaviour, Home heating, Mental models, Usability},
	pages = {363--378},
}

@article{pritoni_energy_2015,
	title = {Energy efficiency and the misuse of programmable thermostats: {The} effectiveness of crowdsourcing for understanding household behavior},
	volume = {8},
	issn = {2214-6296},
	url = {https://www.sciencedirect.com/science/article/pii/S2214629615000730},
	doi = {https://doi.org/10.1016/j.erss.2015.06.002},
	journal = {Energy Research \& Social Science},
	author = {Pritoni, Marco and Meier, Alan K. and Aragon, Cecilia and Perry, Daniel and Peffer, Therese},
	year = {2015},
	keywords = {Energy efficiency, Survey, User behavior},
	pages = {190-197},
}

@article{alhashme_virtual_2016,
	title = {A virtual thermostat for local temperature control},
	volume = {126},
	issn = {0378-7788},
	url = {https://www.sciencedirect.com/science/article/pii/S0378778816304145},
	doi = {https://doi.org/10.1016/j.enbuild.2016.05.045},
	journal = {Energy and Buildings},
	author = {Alhashme, Mohamed and Ashgriz, Nasser},
	year = {2016},
	keywords = {Air conditioning, CFD, Energy efficiency, Temperature control},
	pages = {323--339},
}

@article{pritoni_occupant_2017,
	title = {Occupant thermal feedback for improved efficiency in university buildings},
	volume = {144},
	issn = {0378-7788},
	url = {https://www.sciencedirect.com/science/article/pii/S0378778817309556},
	doi = {https://doi.org/10.1016/j.enbuild.2017.03.048},
	journal = {Energy and Buildings},
	author = {Pritoni, Marco and Salmon, Kiernan and Sanguinetti, Angela and Morejohn, Joshua and Modera, Mark},
	year = {2017},
	keywords = {Control system, Energy efficiency, HVAC, Institutional buildings, Software, Thermal comfort, University campus},
	pages = {241--250},
}
@misc{noauthor_standard_2019,
	title = {Standard {Measurements} for {HVAC} {Systems} - {A} {Simple} {Guide}},
	url = {https://www.hoffmannbros.com/hvac/measurements},
	language = {en-US},
	urldate = {2023-04-07},
	month = apr,
	year = {2019},
}
@inproceedings{Heinemeier2012UncertaintiesIA,
  title={Uncertainties in Achieving Energy Savings from HVAC Maintenance Measures in the Field},
  author={Kristin Heinemeier and Marc A. Hoeschele and Elizabeth Weitzel and Brett T. Close and Marshall Hunt},
  year={2012}
}
@book{madsen1990a,
  author = {Madsen, T.L. and Schmidt, T.P. and Helk, U.},
  date = {1990},
  year = {1990},
  title = {How Important is the Location of the Room Thermostate},
  publisher = {Technical University of Denmark, Department of Civil Engineering},
  language = {en}
}

 @misc{ambient, title={Should I turn off my thermostat during holiday travel?}, url={https://www.ambientedge.com/faqs/should-i-turn-my-thermostat-off-when-traveling-for-the-holidays/}, journal={Ambient Edge}}

 
 @misc{constellation, title={Best thermostat types and settings}, url={https://www.constellation.com/energy-101/best-thermostat-types-and-settings.html}, journal={Constellation}} 
@article{STOPPS2021110834,
title = {Residential smart thermostat use: An exploration of thermostat programming, environmental attitudes, and the influence of smart controls on energy savings},
journal = {Energy and Buildings},
volume = {238},
pages = {110834},
year = {2021},
issn = {0378-7788},
doi = {https://doi.org/10.1016/j.enbuild.2021.110834},
url ={https://www.sciencedirect.com/science/article/pii/S0378778821001183,
author = {Helen Stopps and Marianne F. Touchie},
keywords = {Smart thermostats, Residential buildings, Occupant behaviour, HVAC, Connected thermostats, Energy management}
}
}
@article{TIAN2019342,
title = {An optimization platform based on coupled indoor environment and HVAC simulation and its application in optimal thermostat placement},
journal = {Energy and Buildings},
volume = {199},
pages = {342-351},
year = {2019},
issn = {0378-7788},
doi = {https://doi.org/10.1016/j.enbuild.2019.07.002},
url = {https://www.sciencedirect.com/science/article/pii/S037877881931206X},
author = {Wei Tian and Xu Han and Wangda Zuo and Qiujian Wang and Yangyang Fu and Mingang Jin},
keywords = {FFD, Modelica, Coupled simulation, Optimization, Thermostat placement}
}
@inproceedings{Goetzler2017EnergySP,
  title={Energy Savings Potential and RD\&D Opportunities for Commercial Building HVAC Systems},
  author={William Goetzler and Building Technologies Office Corporate and Richard A. Shandross and Jim V. Young and Oxana Petritchenko and D Ringo and Sam McClive},
  year={2017}
}

@Article{ijerph19021016,
AUTHOR = {Asim, Nilofar and Badiei, Marzieh and Mohammad, Masita and Razali, Halim and Rajabi, Armin and Chin Haw, Lim and Jameelah Ghazali, Mariyam},
TITLE = {Sustainability of Heating, Ventilation and Air-Conditioning (HVAC) Systems in Buildings - An Overview},
JOURNAL = {International Journal of Environmental Research and Public Health},
VOLUME = {19},
YEAR = {2022},
NUMBER = {2},
ARTICLE-NUMBER = {1016},
URL = {https://www.mdpi.com/1660-4601/19/2/1016},
PubMedID = {35055838},
ISSN = {1660-4601},
DOI = {10.3390/ijerph19021016}
}

@INPROCEEDINGS{6687952,
  author={Lin, Yashen and Barooah, Prabir and Meyn, Sean P.},
  booktitle={2013 IEEE International Conference on Smart Grid Communications (SmartGridComm)}, 
  title={Low-frequency power-grid ancillary services from commercial building HVAC systems}, 
  year={2013},
  volume={},
  number={},
  pages={169-174},
  doi={10.1109/SmartGridComm.2013.6687952}}
@INPROCEEDINGS{7171796,
  author={Lin, Yashen and Barooah, Prabir and Meyn, Sean and Middelkoop, Timothy},
  booktitle={2015 American Control Conference (ACC)}, 
  title={Demand side frequency regulation from commercial building HVAC systems: An experimental study}, 
  year={2015},
  volume={},
  number={},
  pages={3019-3024},
  doi={10.1109/ACC.2015.7171796}}
@misc{johnsoncontrolsOpenBlueBuilding,
	author = {},
	title = {{O}pen{B}lue, {B}uilding {A}utomation and {C}ontrols {K}nowledge {E}xchange --- docs.johnsoncontrols.com},
	howpublished = {\url{https://docs.johnsoncontrols.com/bas/r/Metasys/en-US/Metasys-System-PID-PRAC-Help-Guide/10.2/PID-Controller-Overview/Metasys-System-PID-Controller-Basics}},
	year = {},
	note = {[Accessed 13-May-2023]},
}

@article{small_fy_2019,
	title = {FY 2019 UMass Amherst Electricity Data by Building},
	url = {https://scholarworks.umass.edu/sustainableumass_data/45/},
	journal = {Campus Data},
	author = {Small, Ezra},
	year = {2019},
}
@misc{johnsoncontrolsSetpointWeighting,
	author = {},
	title = {Johnson Controls: Setpoint Weighting},
	howpublished = {\url{https://docs.johnsoncontrols.com/bas/r/Metasys/en-US/Metasys-System-PID-PRAC-Help-Guide/10.2/PID-Controller-Overview/Metasys-System-PID-Controller-Basics/Setpoint-Weighting}},
	year = {},
	note = {[Accessed 14-May-2023]},
}
@misc{johnsoncontrolsPRAC,
	author = {},
	title = {Johnson Controls: Systems Not Suited for PRAC},
	howpublished = {\url{https://docs.johnsoncontrols.com/bas/r/Metasys/en-US/Metasys-System-PID-PRAC-Help-Guide/10.2/Systems-Not-Suited-for-PRAC}},
	year = {},
	note = {[Accessed 14-May-2023]},
}
@techreport{Burdick2011,
  doi = {10.2172/1031397},
  url = {https://doi.org/10.2172/1031397},
  year = {2011},
  month = dec,
  publisher = {Office of Scientific and Technical Information ({OSTI})},
  author = {Arlan Burdick},
  title = {Advanced Strategy Guideline: Air Distribution Basics and Duct Design}
}
@misc{johnsoncontrolsPID,
	author = {},
	title = {{O}pen{B}lue, {B}uilding {A}utomation and {C}ontrols {K}nowledge {E}xchange --- docs.johnsoncontrols.com},
	howpublished = {\url{https://docs.johnsoncontrols.com/bas/r/Metasys/en-US/Metasys-System-PID-PRAC-Help-Guide/10.2/PID-Controller-Overview}},
	year = {},
	note = {[Accessed 15-May-2023]},
}
